% So sieht der Biblatex Eintag für eine Abschlussarbeit aus:













@thesis{ma-sebastian,
author = {Müller, Sebastian},
title = {Clear Sight in Cherenkov-Astronomy},
subtitle = {Investigations of Reflector Geometry and Mirror Alignment for the FACT-Telescope},
year = {2014},
type = {Masterarbeit},
school = {TU Dortmund}
}

% ein Lehrbuch:
@book{kuypers,
    author = {Kuypers, Friedhelm},
    title = {Klassische Mechanik},
    year = {2010},
    publisher = {Wiley-VCH},
    series = {9. Auflage}
}

@BOOK{handbook_adhesives,
  editor =       {Satas, D.},
  TITLE =        {Handbook of pressure sensitive adhesive technology},
  PUBLISHER =    {Van Nostrand Reinhold},
  YEAR =         {1989},
  address =      {New York},
  edition =      {2nd},
}


% Ein in einem Journal veröffentlichter Artikel (Paper):
@article{handbook,
      author         = "Aguilar-Saavedra, J. A. and Benbrik, R. and Heinemeyer,
                        S. and Pérez-Victoria, M.",
      title          = "{Handbook of vectorlike quarks: Mixing and single
                        production}",
      journal        = "Phys. Rev.",
      volume         = "D 88",
      year           = "2013",
      pages          = "094010",
      doi            = "10.1103/PhysRevD.88.094010",
      eprint         = "1306.0572",
      archivePrefix  = "arXiv",
      primaryClass   = "hep-ph",
      SLACcitation   = "%%CITATION = ARXIV:1306.0572;%%"
}

@article{topmass,
      title          = "{First combination of Tevatron and LHC measurements of
                        the top-quark mass}",
      collaboration  = "ATLAS, CDF, CMS, D0",
      year           = "2014",
      eprint         = "1403.4427",
      archivePrefix  = "arXiv",
      primaryClass   = "hep-ex",
      reportNumber   = "ATLAS-CONF-2014-008, CDF-NOTE-11071, CMS-PAS-TOP-13-014,
                        D0-NOTE-6416, FERMILAB-TM-2582-E",
      SLACcitation   = "%%CITATION = ARXIV:1403.4427;%%"
}




@techreport{masslimit,
      title         = "{Search for new physics using events with $b$-jets and a
                       pair of same charge leptons in 3.2 fb$^{-1}$ of $pp$
                       collisions at $\sqrt{s}=13$ TeV with the ATLAS detector}",
      institution   = "CERN",
      collaboration = "ATLAS Collaboration",
      address       = "Geneva",
      number        = "ATLAS-CONF-2016-032",
	  year          = "2016",
      reportNumber  = "ATLAS-CONF-2016-032",
}

@article{BRANCO1986738,
title = "On the addition of vector-like quarks to the standard model",
journal = "Nuclear Physics B",
volume = "278",
number = "3",
pages = "738",
year = "1986",
note = "",
issn = "0550-3213",
doi = "http://dx.doi.org/10.1016/0550-3213(86)90060-X",
author = "G.C. Branco and L. Lavoura",

}

@article{GIM,
  title = {Weak Interactions with Lepton-Hadron Symmetry},
  author = {Glashow, S. L. and Iliopoulos, J. and Maiani, L.},
  journal = {Phys. Rev. D},
  volume = {2},
  pages = {1285},
  numpages = {0},
  year = {1970},
  publisher = {American Physical Society},
  doi = {10.1103/PhysRevD.2.1285},
}

@article{CP1,
  title = {$Z$-mediated flavor-changing neutral currents and their implications for $\mathrm{CP}$ asymmetries in ${B}^{0}$ decays},
  author = {Nir, Yosef and Silverman, Dennis},
  journal = {Phys. Rev. D},
  volume = {42},
  pages = {1477},
  numpages = {0},
  year = {1990},
  publisher = {American Physical Society},
  doi = {10.1103/PhysRevD.42.1477},
}

@article{CP2,
  title = {$\mathrm{CP}$ asymmetries in ${B}^{0}$ decays in the presence of flavor-changing neutral currents},
  author = {Branco, G. C. and Morozumi, T. and Parada, P. A. and Rebelo, M. N.},
  journal = {Phys. Rev. D},
  volume = {48},
  pages = {1167},
  numpages = {0},
  year = {1993},
  publisher = {American Physical Society},
  doi = {10.1103/PhysRevD.48.1167},
}

@article{Th1,
      author         = "Perelstein, Maxim and Peskin, Michael E. and Pierce,
                        Aaron",
      title          = "{Top quarks and electroweak symmetry breaking in little
                        Higgs models}",
      journal        = "Phys. Rev.",
      volume         = "D 69",
      year           = "2004",
      pages          = "075002",
      doi            = "10.1103/PhysRevD.69.075002",
      eprint         = "hep-ph/0310039",
      archivePrefix  = "arXiv",
      primaryClass   = "hep-ph",
      reportNumber   = "SLAC-PUB-10185",
      SLACcitation   = "%%CITATION = HEP-PH/0310039;%%"
}

@article{Th2,
      author         = "Contino, Roberto and Da Rold, Leandro and Pomarol, Alex",
      title          = "{Light custodians in natural composite Higgs models}",
      journal        = "Phys. Rev.",
      volume         = "D 75",
      year           = "2007",
      pages          = "055014",
      doi            = "10.1103/PhysRevD.75.055014",
      eprint         = "hep-ph/0612048",
      archivePrefix  = "arXiv",
      primaryClass   = "hep-ph",
      reportNumber   = "UAB-FT-619, ROMA1-1445-2006",
      SLACcitation   = "%%CITATION = HEP-PH/0612048;%%"
}

@article{Th3,
      author         = "Matsedonskyi, Oleksii and Panico, Giuliano and Wulzer,
                        Andrea",
      title          = "{Light Top Partners for a Light Composite Higgs}",
      journal        = "JHEP",
      volume         = "01",
      year           = "2013",
      pages          = "164",
      doi            = "10.1007/JHEP01(2013)164",
      eprint         = "1204.6333",
      archivePrefix  = "arXiv",
      primaryClass   = "hep-ph",
      SLACcitation   = "%%CITATION = ARXIV:1204.6333;%%"
}

@article{Th4,
      author         = "Contino, Roberto and Kramer, Thomas and Son, Minho and
                        Sundrum, Raman",
      title          = "{Warped/composite phenomenology simplified}",
      journal        = "JHEP",
      volume         = "05",
      year           = "2007",
      pages          = "074",
      doi            = "10.1088/1126-6708/2007/05/074",
      eprint         = "hep-ph/0612180",
      archivePrefix  = "arXiv",
      primaryClass   = "hep-ph",
      reportNumber   = "ROMA1-1441-2006",
      SLACcitation   = "%%CITATION = HEP-PH/0612180;%%"
}

@article{Th5,
title = "Flavor at ssc energies: A new mechanism for dynamically generated fermion masses",
journal = "Nuclear Physics B",
volume = "365",
pages = "259",
year = "1991",
note = "",
issn = "0550-3213",
doi = "http://dx.doi.org/10.1016/S0550-3213(05)80021-5",
author = "David B. Kaplan",

}

@article{8tevanalysis,
      author         = "Aad, Georges and others",
      title          = "{Search for pair and single production of new heavy
                        quarks that decay to a $Z$ boson and a third-generation
                        quark in $pp$ collisions at $\sqrt{s}=8$ TeV with the
                        ATLAS detector}",
      collaboration  = "ATLAS",
      journal        = "JHEP",
      volume         = "11",
      year           = "2014",
      pages          = "104",
      doi            = "10.1007/JHEP11(2014)104",
      eprint         = "1409.5500",
      archivePrefix  = "arXiv",
      primaryClass   = "hep-ex",
      reportNumber   = "CERN-PH-EP-2014-188",
      SLACcitation   = "%%CITATION = ARXIV:1409.5500;%%"
}


@article{LHC,
      author         = "Evans, Lyndon and Bryant, Philip",
      title          = "{LHC Machine}",
      journal        = "JINST",
      volume         = "3",
      year           = "2008",
      pages          = "S08001",
      doi            = "10.1088/1748-0221/3/08/S08001",
      SLACcitation   = "%%CITATION = JINST,3,S08001;%%"
}

@article{ATLAS,
  author={The ATLAS Collaboration},
  title={The ATLAS Experiment at the CERN Large Hadron Collider},
  journal={Journal of Instrumentation},
  volume={3},
  number={08},
  pages={S08003},
  year={2008},
  abstract={The ATLAS detector as installed in its experimental cavern at point 1 at CERN is described in this paper. A brief overview of the expected performance of the detector when the Large Hadron Collider begins operation is also presented.}
}

@article{Sherpa,
      author         = "Gleisberg, T. and Hoeche, Stefan. and Krauss, F. and
                        Schonherr, M. and Schumann, S. and Siegert, F. and Winter,
                        J.",
      title          = "{Event generation with SHERPA 1.1}",
      journal        = "JHEP",
      volume         = "02",
      year           = "2009",
      pages          = "007",
      doi            = "10.1088/1126-6708/2009/02/007",
      eprint         = "0811.4622",
      archivePrefix  = "arXiv",
      primaryClass   = "hep-ph",
      reportNumber   = "FERMILAB-PUB-08-477-T, SLAC-PUB-13420, ZU-TH-17-08,
                        DCPT-08-138, IPPP-08-69, EDINBURGH-2008-30, MCNET-08-14",
      SLACcitation   = "%%CITATION = ARXIV:0811.4622;%%"
}

@article{Pythia,
      author         = "Sjostrand, Torbjorn and Mrenna, Stephen and Skands, Peter
                        Z.",
      title          = "{A Brief Introduction to PYTHIA 8.1}",
      journal        = "Comput. Phys. Commun.",
      volume         = "178",
      year           = "2008",
      pages          = "852-867",
      doi            = "10.1016/j.cpc.2008.01.036",
      eprint         = "0710.3820",
      archivePrefix  = "arXiv",
      primaryClass   = "hep-ph",
      reportNumber   = "CERN-LCGAPP-2007-04, LU-TP-07-28,
                        FERMILAB-PUB-07-512-CD-T",
      SLACcitation   = "%%CITATION = ARXIV:0710.3820;%%"
}

@article{Madgraph,
      author         = "Alwall, J. and Frederix, R. and Frixione, S. and Hirschi,
                        V. and Maltoni, F. and Mattelaer, O. and Shao, H. -S. and
                        Stelzer, T. and Torrielli, P. and Zaro, M.",
      title          = "{The automated computation of tree-level and
                        next-to-leading order differential cross sections, and
                        their matching to parton shower simulations}",
      journal        = "JHEP",
      volume         = "07",
      year           = "2014",
      pages          = "079",
      doi            = "10.1007/JHEP07(2014)079",
      eprint         = "1405.0301",
      archivePrefix  = "arXiv",
      primaryClass   = "hep-ph",
      reportNumber   = "CERN-PH-TH-2014-064, CP3-14-18, LPN14-066, MCNET-14-09,
                        ZU-TH-14-14",
      SLACcitation   = "%%CITATION = ARXIV:1405.0301;%%"
}

@article{Powheg,
      author         = "Oleari, Carlo",
      title          = "{The POWHEG-BOX}",
      booktitle      = "{Proceedings,  10th DESY Workshop on Elementary Particle
                        Theory: Loops and Legs in Quantum Field Theory}",
      journal        = "Nucl. Phys. Proc. Suppl.",
      volume         = "205-206",
      year           = "2010",
      pages          = "36-41",
      doi            = "10.1016/j.nuclphysbps.2010.08.016",
      eprint         = "1007.3893",
      archivePrefix  = "arXiv",
      primaryClass   = "hep-ph",
      SLACcitation   = "%%CITATION = ARXIV:1007.3893;%%"
}

@article{Protos,
      author         = "Aguilar-Saavedra, J. A.",
      title          = "{Identifying top partners at LHC}",
      journal        = "JHEP",
      volume         = "11",
      year           = "2009",
      pages          = "030",
      doi            = "10.1088/1126-6708/2009/11/030",
      eprint         = "0907.3155",
      archivePrefix  = "arXiv",
      primaryClass   = "hep-ph",
      SLACcitation   = "%%CITATION = ARXIV:0907.3155;%%"
}


@article{antikt,
      author         = "Cacciari, Matteo and Salam, Gavin P. and Soyez, Gregory",
      title          = "{The anti-$k_t$ jet clustering algorithm}",
      journal        = "JHEP",
      volume         = "04",
      year           = "2008",
      pages          = "063",
      doi            = "10.1088/1126-6708/2008/04/063",
      eprint         = "0802.1189",
      archivePrefix  = "arXiv",
      primaryClass   = "hep-ph",
      reportNumber   = "LPTHE-07-03",
      SLACcitation   = "%%CITATION = ARXIV:0802.1189;%%"
}

@techreport{toptag,
      title         = "{Boosted hadronic top identification at ATLAS for early 13
                       TeV data}",
      institution   = "CERN",
      address       = "Geneva",
      number        = "ATL-PHYS-PUB-2015-053",
      reportNumber  = "ATL-PHYS-PUB-2015-053",
}




@article{pdg,
      author         = "Beringer, J. and others",
      title          = "{Review of Particle Physics (RPP)}",
      collaboration  = "Particle Data Group",
      journal        = "Phys.Rev.",
      volume         = "D86",
      pages          = "010001",
      doi            = "10.1103/PhysRevD.86.010001",
      year           = "2012",
      SLACcitation   = "%%CITATION = PHRVA,D86,010001;%%",
}

@ARTICLE{einstein,
  author = {Einstein, A.},
  title = {A Generalization of the relativistic theory of Gravitation},
  journal = {Annals of Mathematics},
  year = {1945},
  volume = {46},
  pages = {578-584},
  number = {4}
  }

% eine Internet Quelle
@MANUAL{boosted,
url = {http://www.quantumdiaries.org/author/emily-thompson/},
author = {Thompson,Emily},
date = {2016},
month = {7},
day = {4}
}




























@MANUAL{siunitx,
    title   = {siunitx - A comprehensive (SI) units package},
    url = {http://mirror.selfnet.de/tex-archive/macros/latex/contrib/siunitx/siunitx.pdf},
    date = {2013},
    author = {Wright, Joseph}
}
@MANUAL{koma,
    title   = {KOMA -Script},
    subtitle = {ein wandelbares LaTeX-Paket},
    url = {http://mirror.selfnet.de/tex-archive/macros/latex/contrib/koma-script/doc/scrguide.pdf},
    date = {2013},
    author = {Kohm, Markus and Morawski, Jens-Uwe}
}
@MANUAL{biblatex,
    title   = {The Biblatex Package},
    subtitle = {Programmable Bibliographies and Citations},
    url = {ftp://ftp.fu-berlin.de/tex/CTAN/macros/latex/contrib/biblatex/doc/biblatex.pdf},
    date = {2014},
    author = {Lehman, Philipp and others}
}
@ELECTRONIC{make,
    title   = {Gnu-Make Homepage},
    url = {http://www.gnu.org/software/make/},
    date = {2014},
}
@ELECTRONIC{toolbox,
    title   = {Pep et al.\ Toolbox -- \LaTeX-Folien},
    url = {http://toolbox.pep-dortmund.org/files/archive/2014/latex.pdf},
    date = {2014},
}
@ELECTRONIC{gitbash,
    title   = {Git Bash - Download},
    url = {http://msysgit.github.io/},
    date = {2014},
}
@ELECTRONIC{pleser,
    title   = {Modern Packages for LaTeX},
    url = {http://philippleser.de/physics/latex},
    date = {2014},
    author = {Leser, Philipp}
}
@MANUAL{l2tabu,
    title   = {Das LATEX2ε-Sündenregister},
    author = {Ensenbach, Marc and Trettin, Mark},
    url = {ftp://ftp.mpi-sb.mpg.de/pub/tex/mirror/ftp.dante.de/pub/tex/info/l2tabu/german/l2tabu.pdf},
    date = {2011},
}
@ELECTRONIC{texmaker,
    title   = {Texmaker},
    subtitle =  {The universal LaTeX editor, Downloads},
    url = {http://www.xm1math.net/texmaker/download.html},
    date = {2014},
}
